<?xml version="1.0" encoding="UTF-8"?><collection xmlns="http://www.loc.gov/MARC21/slim"><record><leader>00376nam--2200133-i-4500</leader><controlfield tag="001">000025080</controlfield><controlfield tag="002">20161230</controlfield><controlfield tag="005">20161230201035</controlfield><controlfield tag="008">060222s1000------------r-----000-0-eng-d</controlfield><datafield ind1="1" ind2=" " tag="100"><subfield code="a">Betz ,Herman P.,Burcham,P.And Ewing,G</subfield></datafield><datafield ind1="1" ind2="0" tag="245"><subfield code="a">Differential equations with applications</subfield></datafield><datafield ind1=" " ind2=" " tag="260"><subfield code="a">New York,Harper ,1954. Ix + 310p</subfield></datafield><datafield ind1=" " ind2=" " tag="852"><subfield code="a">11991</subfield><subfield code="c">517.9</subfield></datafield><datafield ind1=" " ind2=" " tag="CAT"><subfield code="a">Sys</subfield><subfield code="c">20080929</subfield><subfield code="h">094554</subfield></datafield></record></collection>